<?xml version="1.0" encoding="UTF-8"?>
<collection xmlns:xsi="http://www.w3.org/2001/XMLSchema-instance" xsi:schemaLocation="http://www.loc.gov/MARC21/slim http://www.loc.gov/standards/marcxml/schema/MARC21slim.xsd" xmlns="http://www.loc.gov/MARC21/slim">
<record>
  <leader>00835mam a22002171  4500</leader>
  <controlfield tag="001">3368381</controlfield>
  <controlfield tag="003">NNC</controlfield>
  <controlfield tag="005">20141118070734.0</controlfield>
  <controlfield tag="008">991112s1936    ua c          000 0 ara d</controlfield>
  <datafield tag="035" ind1=" " ind2=" ">
    <subfield code="a">(OCoLC)ocm42819482</subfield>
  </datafield>
  <datafield tag="035" ind1=" " ind2=" ">
    <subfield code="9">AVD2985CU</subfield>
  </datafield>
  <datafield tag="035" ind1=" " ind2=" ">
    <subfield code="a">(NNC)3368381</subfield>
  </datafield>
  <datafield tag="040" ind1=" " ind2=" ">
    <subfield code="a">PUL</subfield>
    <subfield code="c">PUL</subfield>
    <subfield code="d">OCLCQ</subfield>
    <subfield code="d">NNC</subfield>
  </datafield>
  <datafield tag="100" ind1="0" ind2=" ">
    <subfield code="a">Ibn Khaldūn,</subfield>
    <subfield code="d">1332-1406.</subfield>
  </datafield>
  <datafield tag="245" ind1="1" ind2="0">
    <subfield code="a">Tārīkh Ibn Khaldūn fī ayyām al-ʻArab wa-al-ʻajam ...</subfield>
    <subfield code="c">al-musammā bī kitāb al-ʻibar wa-dīwān al-mubtadaʾ wa-al-khabar ... Muʻallaqan ʻalayhi bi-qalam al-amīr Shakīb Arslān.</subfield>
  </datafield>
  <datafield tag="260" ind1=" " ind2=" ">
    <subfield code="a">Cairo,</subfield>
    <subfield code="b">Maṭbaʻat al-Nahḍah,</subfield>
    <subfield code="c">1936</subfield>
  </datafield>
  <datafield tag="300" ind1=" " ind2=" ">
    <subfield code="a">v.</subfield>
    <subfield code="b">ports.</subfield>
    <subfield code="c">26 cm.</subfield>
  </datafield>
  <datafield tag="546" ind1=" " ind2=" ">
    <subfield code="a">In Arabic.</subfield>
  </datafield>
  <datafield tag="500" ind1=" " ind2=" ">
    <subfield code="a">Ed. by ʻAllāl al-Fāsī and ʻAbd al-ʻAzīz ibn Idrīs.</subfield>
  </datafield>
  <datafield tag="500" ind1=" " ind2=" ">
    <subfield code="a">Includes a volume of commentary on the ʻIbar by the editor.</subfield>
  </datafield>
  <datafield tag="955" ind1=" " ind2=" ">
    <subfield code="b">0045891451</subfield>
    <subfield code="d">glx</subfield>
    <subfield code="e">893.713 Ib33</subfield>
    <subfield code="v">v.2</subfield>
  </datafield>
</record>
</collection>